<record>
  <leader>01565nem a2200313 a 4500</leader>
  <controlfield tag="001">991000096429702696</controlfield>
  <controlfield tag="005">20170815084558.0</controlfield>
  <controlfield tag="008">051118s1913    ua        a   r01   eng c</controlfield>
  <datafield tag="035" ind1=" " ind2=" ">
    <subfield code="a">(IL-JeALB)10243-972ai_inst</subfield>
  </datafield>
  <datafield tag="035" ind1=" " ind2=" ">
    <subfield code="a">10243</subfield>
    <subfield code="9">ExL</subfield>
  </datafield>
  <datafield tag="035" ind1=" " ind2=" ">
    <subfield code="a">map00000052</subfield>
  </datafield>
  <datafield tag="110" ind1="1" ind2=" ">
    <subfield code="a">Survey Dept., Egypt</subfield>
  </datafield>
  <datafield tag="245" ind1="1" ind2="0">
    <subfield code="a">Cairo 1:1,000.</subfield>
    <subfield code="h">[map]</subfield>
  </datafield>
  <datafield tag="255" ind1=" " ind2=" ">
    <subfield code="a">Scale 1:1,000.</subfield>
  </datafield>
  <datafield tag="260" ind1=" " ind2=" ">
    <subfield code="b">Survey Dept. Egypt,</subfield>
    <subfield code="c">1913-1914.</subfield>
  </datafield>
  <datafield tag="300" ind1=" " ind2=" ">
    <subfield code="a">1 map on 7 sheets ;</subfield>
    <subfield code="c">44.3 x 48 cm., on 7 sheets 63 x 62 cm. or smaller.</subfield>
  </datafield>
  <datafield tag="500" ind1=" " ind2=" ">
    <subfield code="a">With an index map which is also used for Cairo 1:5,000.</subfield>
  </datafield>
  <datafield tag="500" ind1=" " ind2=" ">
    <subfield code="a">Sheets 37H, 37I, 38H, 38I have monochrome key map of Cairo Town on verso. Sheets 40C, 40D, 41D have monochrome key map of Gezira on verso.</subfield>
  </datafield>
  <datafield tag="500" ind1=" " ind2=" ">
    <subfield code="a">All sheets are stamped with Clarence Fisher's stamp on verso.</subfield>
  </datafield>
  <datafield tag="505" ind1="0" ind2=" ">
    <subfield code="a">Sheets: 37-H 158 (1913) -- 37-I 159 (1913) -- 38-H 167 (1913) -- 38-I 168 (1913) -- 40-C Gezira District (1914) -- 40-D Gezira District (1914) -- 41-D Gezira (1914).</subfield>
  </datafield>
  <datafield tag="506" ind1=" " ind2=" ">
    <subfield code="a">May require conservation work before use.</subfield>
  </datafield>
  <datafield tag="546" ind1=" " ind2=" ">
    <subfield code="a">Arabic and English.</subfield>
  </datafield>
  <datafield tag="555" ind1="0" ind2=" ">
    <subfield code="a">Graphic key to Albright-held sheets at:</subfield>
    <subfield code="u">http://www.aiar.org/wp-content/uploads/2014/11/Cairo_1_5000-1000_grid.pdf</subfield>
  </datafield>
  <datafield tag="595" ind1=" " ind2=" ">
    <subfield code="a">Sheet sizes: Sheets 37-H, 37-I, 38-H, 38-I, 62 x 62 cm. Sheets 40-C, 40-D, 41-D, 63 x 62 cm.</subfield>
  </datafield>
  <datafield tag="651" ind1=" " ind2="0">
    <subfield code="a">Africa</subfield>
    <subfield code="z">Egypt</subfield>
    <subfield code="z">Cairo</subfield>
    <subfield code="v">Maps.</subfield>
  </datafield>
  <datafield tag="913" ind1=" " ind2=" ">
    <subfield code="1">63</subfield>
    <subfield code="2">Publisher</subfield>
    <subfield code="5">Uncertain</subfield>
    <subfield code="6">Full</subfield>
  </datafield>
  <datafield tag="949" ind1=" " ind2=" ">
    <subfield code="a">MAPS 37-C-II-V-4-37H to 37-C-I-V-1-41D</subfield>
  </datafield>
  <datafield tag="951" ind1=" " ind2=" ">
    <subfield code="a">317 (37-H), 319 (37-I), 314 (38-H), 318 (38-I), 316 (40-C), 315 (40-D), 320 (41-D).</subfield>
  </datafield>
  <datafield tag="999" ind1=" " ind2=" ">
    <subfield code="a">MAP</subfield>
  </datafield>
</record>
